@article{mato2004predictive,
  title={A Predictive Model for Tumor Lysis Syndrome in Acute Myelogenous Leukemia.},
  author={Mato, Anthony R and Riccio, Brett E and Qin, Li and Heitjan, Daniel and Loren, Alison and Carroll, Martin and Porter, David and Tsai, Donald and Stadtmauer, Edward and Perl, Sasha and others},
  journal={Blood},
  volume={104},
  number={11},
  pages={883},
  year={2004},
  publisher={Elsevier}
}

@article{xiao2024prediction,
  title={Prediction of tumor lysis syndrome in childhood acute lymphoblastic leukemia based on machine learning models: a retrospective study},
  author={Xiao, Yao and Xiao, Li and Zhang, Yang and Xu, Ximing and Guan, Xianmin and Guo, Yuxia and Shen, Yali and Lei, XiaoYing and Dou, Ying and Yu, Jie},
  journal={Frontiers in Oncology},
  volume={14},
  pages={1337295},
  year={2024},
  publisher={Frontiers}
}

@article{montesinos2008tumor,
  title={Tumor lysis syndrome in patients with acute myeloid leukemia: identification of risk factors and development of a predictive model},
  author={Montesinos, Pau and Lorenzo, Ignacio and Mart{\'\i}n, Guillermo and Sanz, Jaime and P{\'e}rez-Sirvent, Maria Luz and Mart{\'\i}nez, David and Ort{\'\i}, Guillermo and Algarra, Lorenzo and Mart{\'\i}nez, Jesus and Moscard{\'o}, Federico and others},
  journal={Haematologica},
  volume={93},
  number={1},
  pages={67--74},
  year={2008}
}